<collection xmlns="http://www.loc.gov/MARC21/slim">
<record>
  <leader>01329nam a2200337 a 4500</leader>
  <controlfield tag="001">3211264</controlfield>
  <controlfield tag="007">he amb---bbcp</controlfield>
  <controlfield tag="007">he bmb---baap</controlfield>
  <controlfield tag="008">831215s1797    quc     b     000 0 eng d</controlfield>
  <datafield tag="020" ind1=" " ind2=" ">
    <subfield code="a">0665292139</subfield>
  </datafield>
  <datafield tag="035" ind1=" " ind2=" ">
    <subfield code="a">ocn317762380</subfield>
  </datafield>
  <datafield tag="040" ind1=" " ind2=" ">
    <subfield code="a">CaOOCIHM</subfield>
    <subfield code="b">eng</subfield>
    <subfield code="d">AEU</subfield>
  </datafield>
  <datafield tag="043" ind1=" " ind2=" ">
    <subfield code="a">n-cn-qu</subfield>
  </datafield>
  <datafield tag="082" ind1="0" ind2=" ">
    <subfield code="a">051.09714</subfield>
    <subfield code="2">19</subfield>
  </datafield>
  <datafield tag="090" ind1=" " ind2=" ">
    <subfield code="a">FC 02 0203 no. 29213</subfield>
    <subfield code="b">AEU</subfield>
  </datafield>
  <datafield tag="245" ind1="0" ind2="4">
    <subfield code="a">The Quebec almanac for the year 1798</subfield>
    <subfield code="h">[microform].</subfield>
  </datafield>
  <datafield tag="260" ind1=" " ind2=" ">
    <subfield code="a">Quebec :</subfield>
    <subfield code="b">Printed by John Neilson,</subfield>
    <subfield code="c">[1797?]</subfield>
  </datafield>
  <datafield tag="300" ind1=" " ind2=" ">
    <subfield code="a">2 microfiches (76 fr.).</subfield>
  </datafield>
  <datafield tag="490" ind1="1" ind2=" ">
    <subfield code="a">CIHM/ICMH Microfiche series = CIHM/ICMH collection de microfiches ;</subfield>
    <subfield code="v">no. 29213</subfield>
  </datafield>
  <datafield tag="500" ind1=" " ind2=" ">
    <subfield code="a">Added t.p.: Almanac de Québec pour l&apos;année 1</subfield>
  </datafield>
<!-- No separator at end of field length=55 -->
  <datafield tag="500" ind1="9" ind2="8">
  </datafield>
<!-- Separator but not at end of field length=44 -->
  <datafield tag="500" ind1="m" ind2=".">
  </datafield>
<!-- Separator but not at end of field length=55 -->
  <datafield tag="533" ind1="." ind2="p">
  </datafield>
<!-- Separator but not at end of field length=171 -->
<!-- Bad indicator data. Skipping 1 bytes -->
  <datafield tag="534" ind1="d" ind2="1">
    <subfield code="8">2.</subfield>
  </datafield>
<!-- Separator but not at end of field length=25 -->
  <datafield tag="596" ind1=" " ind2="1">
    <subfield code=" ">cm</subfield>
  </datafield>
<!-- No separator at end of field length=7 -->
<!-- Bad indicator data. Skipping 1 bytes -->
  <datafield tag="650" ind1=" " ind2=" ">
    <subfield code="a">43</subfield>
  </datafield>
<!-- Separator but not at end of field length=43 -->
  <datafield tag="650" ind1="v" ind2="i">
    <subfield code="c">e).</subfield>
  </datafield>
<!-- Separator but not at end of field length=45 -->
  <datafield tag="830" ind1="r" ind2="o">
    <subfield code="i">nce).</subfield>
  </datafield>
<!-- Separator but not at end of field length=45 -->
  <datafield tag="949" ind1="n" ind2="o">
    <subfield code=" ">29213</subfield>
  </datafield>
<!-- Separator but not at end of field length=22 -->
  <datafield tag="016" ind1="z" ind2="C">
    <subfield code="H">MMPRE</subfield>
  </datafield>
<!-- Separator but not at end of field length=15 -->
  <datafield tag="926" ind1="8" ind2="3">
    <subfield code="1">89671</subfield>
  </datafield>
<!-- Separator but not at end of field length=58 -->
</record>
</collection>
